@Misc{A2019Downsample,
  title = {Downsample — OpenTSDB 3.0 documentation},
  year = {2019},
}
@Misc{A2019Rollup,
  title = {Rollup And Pre-Aggregates — OpenTSDB 2.3 documentation},
  year = {2019},
}
@Misc{A2016Downsampling,
  publisher = {InfluxData},
  title = {Downsampling and data retention | InfluxData Documentation},
  year = {2016},
}
@Article{Pelkonen2015Gorilla,
  author = {Pelkonen, Tuomas and Franklin, Scott and Teller, Justin and Cavallaro, Paul and Huang, Qi and Meza, Justin and Veeraraghavan, Kaushik},
  pages = {1816-1827},
  title = {Gorilla},
  volume = {8},
  year = {2015},
  journal = {Proceedings of the VLDB Endowment},
}
@Book{Rice1979Some,
  author = {Rice, Robert F and Jet Propulsion Laboratory (U.S.). Information Systems Division and United States. National Aeronautics And Space Administration},
  publisher = {National Aeronautics And Space Administration, Jet Propulsion Laboratory, California Institute Of Technology},
  title = {Some practical universal noiseless coding techniques},
  year = {1979},
}
@Article{Elias1975Universal,
  author = {Elias, P.},
  pages = {194-203},
  title = {Universal codeword sets and representations of the integers},
  volume = {21},
  year = {1975},
  journal = {IEEE Transactions on Information Theory},
}
@Misc{WikipediaContributors2019Data,
  author = {Wikipedia Contributors},
  publisher = {Wikimedia Foundation},
  title = {Data compression},
  year = {2019},
}
@Misc{facebookarchive2018facebookarchiveberingei,
  author = {facebookarchive},
  title = {facebookarchive/beringei},
  year = {2018},
}
@Article{Blalock2018Sprintz,
  author = {Blalock, Davis and Madden, Samuel and Guttag, John},
  pages = {1-23},
  title = {Sprintz},
  volume = {2},
  year = {2018},
  journal = {Proceedings of the ACM on Interactive, Mobile, Wearable and Ubiquitous Technologies},
}
@Misc{WikipediaContributors2019Huffman,
  author = {Wikipedia Contributors},
  publisher = {Wikimedia Foundation},
  title = {Huffman coding},
  year = {2019},
}
@Article{Keogh2001Locally,
  author = {Keogh, Eamonn and Chakrabarti, Kaushik and Pazzani, Michael and Mehrotra, Sharad},
  pages = {151-162},
  title = {Locally adaptive dimensionality reduction for indexing large time series databases},
  volume = {30},
  year = {2001},
  journal = {ACM SIGMOD Record},
}
@Article{Lazaridis2003Capturing,
  author = {Lazaridis, I. and Mehrotra, S.},
  title = {Capturing sensor-generated time series with quality guarantees},
  year = {2003},
  journal = {Proceedings 19th International Conference on Data Engineering (Cat. No.03CH37405)},
}
@Article{Douglas1973Algorithms,
  author = {Douglas, David H and Peucker, Thomas K},
  pages = {112-122},
  title = {Algorithms for the Reduction of the Number of Points Required to Represent a Digitized Line or Its Caricature},
  volume = {10},
  year = {1973},
  journal = {Cartographica: The International Journal for Geographic Information and Geovisualization},
}
@Article{Park1999Fast,
  author = {Park, S. and Lee, D. and Chu, W.W.},
  title = {Fast retrieval of similar subsequences in long sequence databases},
  year = {1999},
  journal = {Proceedings 1999 Workshop on Knowledge and Data Engineering Exchange (KDEX'99) (Cat. No.PR00453)},
}
@Article{Keogh2001An,
  author = {Keogh, E. and Chu, S. and Hart, D. and Pazzani, M.},
  title = {An online algorithm for segmenting time series},
  year = {2001},
  journal = {Proceedings 2001 IEEE International Conference on Data Mining},
}
@Article{Keogh1998An,
  author = {Keogh, Eamonn J and Pazzani, Michael J},
  title = {An Enhanced Representation of Time Series Which Allows Fast and Accurate Classification, Clustering and Relevance Feedback},
  year = {1998},
  journal = {},
}
@Misc{lz42019lz4lz4,
  author = {lz4},
  title = {lz4/lz4},
  year = {2019},
}
@Article{LPeterDeutsch1996DEFLATE,
  author = {L. Peter Deutsch},
  note = {\url{http://www.rfc-editor.org/rfc/rfc1951.txt}},
  number = {1951},
  publisher = {RFC Editor},
  title = {DEFLATE Compressed Data Format Specification version 1.3},
  year = {1996},
  journal = {},
}
@Misc{ColletY2013Finite,
  author = {Collet Y.},
  title = {Finite State Entropy - A new breed of entropy coder},
  year = {2013},
}
@Misc{Yann2018Smaller,
  author = {},
  title = {Smaller and faster data compression with Zstandard - Facebook Engineering},
  year = {2018},
}
@Misc{ColletY2014FSE,
  author = {Collet Y.},
  title = {FSE decoding : how it works},
  year = {2014},
}
@Misc{AjayKulkarni2018What,
  author = {Ajay Kulkarni},
  publisher = {Timescale Blog},
  title = {What the heck is time-series data (and why do I need a time-series database)?},
  url= {https://blog.timescale.com/blog/what-the-heck-is-time-series-data-and-why-do-i-need-a-time-series-database-dcf3b1b18563/},
  urlDate={2019-09-21},
  year = {2018},
}
@Misc{Freedman2017Timeseries,
  author = {Freedman, Mike},
  publisher = {Timescale Blog},
  title = {Time-series data: Why (and how) to use a relational database instead of NoSQL},
   url = {http://www.surfline.com/surf-news/maldives-surf-access-controversy-update_75296/},
  year = {2017},
}
@Misc{A2019TimescaleDB,
  title = {TimescaleDB Developer Docs},
   url = {http://www.surfline.com/surf-news/maldives-surf-access-controversy-update_75296/},
  year = {2019},
}
@Misc{Danjou2016Timeseries,
  author = {Danjou, Julien},
  publisher = {Julien Danjou},
  title = {Timeseries storage and data compression},
  url = {http://www.surfline.com/surf-news/maldives-surf-access-controversy-update_75296/},
  year = {2016},
}